<?xml version="1.0" encoding="UTF-8"?><collection xmlns="http://www.loc.gov/MARC21/slim"><record><leader>00465nam--2200145-i-4500</leader><controlfield tag="001">000009748</controlfield><controlfield tag="002">20161230</controlfield><controlfield tag="005">20161230201028</controlfield><controlfield tag="008">060222s1000------------r-----000-0-eng-d</controlfield><datafield ind1=" " ind2=" " tag="080"><subfield code="a">666.76:621.039.54:669.017.11</subfield></datafield><datafield ind1=" " ind2=" " tag="100"><subfield code="a">Bernstein, Harold And Kaufman, Larry</subfield></datafield><datafield ind1=" " ind2=" " tag="245"><subfield code="a">Computer calculation of phase diagrams</subfield></datafield><datafield ind1=" " ind2=" " tag="260"><subfield code="a">London, Academic Press, 1970 Xi + 334 P</subfield></datafield><datafield ind1=" " ind2=" " tag="490"><subfield code="a">Refractory Materials. A Series Of Monographs John L.Margrave, Editor</subfield></datafield><datafield ind1=" " ind2=" " tag="852"><subfield code="a">35411</subfield></datafield></record></collection>